@inproceedings{jaeger2007speakers,
  title={Speakers optimize information density through syntactic reduction},
  author={Jaeger, T Florian and Levy, Roger P},
  booktitle={Advances in neural information processing systems},
  pages={849--856},
  year={2007}
}

@article{jaeger2010redundancy,
  title={Redundancy and reduction: Speakers manage syntactic information density},
  author={Jaeger, T Florian},
  journal={Cognitive psychology},
  volume={61},
  number={1},
  pages={23--62},
  year={2010},
  publisher={Elsevier}
}

@article{shannon1948mathematical,
  title={A mathematical theory of communication},
  author={Shannon, Claude Elwood},
  journal={Bell system technical journal},
  volume={27},
  number={3},
  pages={379--423},
  year={1948},
  publisher={Wiley Online Library}
}

@article{jaeger2013alignment,
  title={Alignment as a consequence of expectation adaptation: Syntactic priming is affected by the primeâ€™s prediction error given both prior and recent experience},
  author={Jaeger, T Florian and Snider, Neal E},
  journal={Cognition},
  volume={127},
  number={1},
  pages={57--83},
  year={2013},
  publisher={Elsevier}
}

@article{piantadosi2011word,
  title={Word lengths are optimized for efficient communication},
  author={Piantadosi, Steven T and Tily, Harry and Gibson, Edward},
  journal={Proceedings of the National Academy of Sciences},
  volume={108},
  number={9},
  pages={3526--3529},
  year={2011},
  publisher={National Acad Sciences}
}

@article{mahowald2013info,
  title={Info/information theory: Speakers choose shorter words in predictive contexts},
  author={Mahowald, Kyle and Fedorenko, Evelina and Piantadosi, Steven T and Gibson, Edward},
  journal={Cognition},
  volume={126},
  number={2},
  pages={313--318},
  year={2013},
  publisher={Elsevier}
}

@article{xu2018information,
  title={Information density converges in dialogue: Towards an information-theoretic model},
  author={Xu, Yang and Reitter, David},
  journal={Cognition},
  volume={170},
  pages={147--163},
  year={2018},
  publisher={Elsevier}
}

@article{piantadosi2012communicative,
  title={The communicative function of ambiguity in language},
  author={Piantadosi, Steven T and Tily, Harry and Gibson, Edward},
  journal={Cognition},
  volume={122},
  number={3},
  pages={280--291},
  year={2012},
  publisher={Elsevier}
}

@inproceedings{zhan2018comparing,
  title={Comparing Theories of Speaker Choice Using a Model of Classifier Production in Mandarin Chinese},
  author={Zhan, Meilin and Levy, Roger},
  booktitle={Proceedings of the 2018 Conference of the North American Chapter of the Association for Computational Linguistics: Human Language Technologies, Volume 1 (Long Papers)},
  volume={1},
  pages={1997--2005},
  year={2018}
}

@inproceedings{genzel2002entropy,
  title={Entropy rate constancy in text},
  author={Genzel, Dmitriy and Charniak, Eugene},
  booktitle={Proceedings of the 40th annual meeting on association for computational linguistics},
  pages={199--206},
  year={2002},
  organization={Association for Computational Linguistics}
}

@inproceedings{godfrey1992switchboard,
  title={SWITCHBOARD: Telephone speech corpus for research and development},
  author={Godfrey, John J and Holliman, Edward C and McDaniel, Jane},
  booktitle={Acoustics, Speech, and Signal Processing, 1992. ICASSP-92., 1992 IEEE International Conference on},
  volume={1},
  pages={517--520},
  year={1992},
  organization={IEEE}
}

@book{brown1973first,
  title={A first language: The early stages.},
  author={Brown, Roger},
  year={1973},
  publisher={Harvard U. Press}
}

@book{macwhinney2014childes,
  title={The CHILDES project: Tools for analyzing talk, Volume II: The database},
  author={MacWhinney, Brian},
  year={2014},
  publisher={Psychology Press}
}

@inproceedings{shiro2000diferencias,
  title={Diferencias sociales en la construcci{\'o}n del" yo" y del" otro": expresiones evaluativas en la narrativa de ni{\~n}os caraque{\~n}os en edad escolar},
  author={Shiro, Martha},
  booktitle={Lengua, discurso, texto: I simposio internacional de an{\'a}lisis del discurso},
  pages={1303--1318},
  year={2000},
  organization={Visor}
}

@article{bai2008reading,
  title={Reading spaced and unspaced Chinese text: Evidence from eye movements.},
  author={Bai, Xuejun and Yan, Guoli and Liversedge, Simon P and Zang, Chuanli and Rayner, Keith},
  journal={Journal of Experimental Psychology: Human Perception and Performance},
  volume={34},
  number={5},
  pages={1277},
  year={2008},
  publisher={American Psychological Association}
}