@article{shannon1948mathematical,
  title={A mathematical theory of communication},
  author={Shannon, Claude Elwood},
  journal={Bell system technical journal},
  volume={27},
  number={3},
  pages={379--423},
  year={1948},
  publisher={Wiley Online Library}
}

@inproceedings{genzel2002entropy,
  title={Entropy rate constancy in text},
  author={Genzel, Dmitriy and Charniak, Eugene},
  booktitle={Proceedings of the 40th annual meeting of the Association for Computational Linguistics},
  pages={199--206},
  year={2002}
}

@article{piantadosi2011word,
  title={Word lengths are optimized for efficient communication},
  author={Piantadosi, Steven T and Tily, Harry and Gibson, Edward},
  journal={Proceedings of the National Academy of Sciences},
  volume={108},
  number={9},
  pages={3526--3529},
  year={2011},
  publisher={National Acad Sciences}
}

@inproceedings{jaeger2007speakers,
  title={Speakers optimize information density through syntactic reduction},
  author={Jaeger, T Florian and Levy, Roger P},
  booktitle={Advances in neural information processing systems},
  pages={849--856},
  year={2007}
}

@article{levy2008expectation,
  title={Expectation-based syntactic comprehension},
  author={Levy, Roger},
  journal={Cognition},
  volume={106},
  number={3},
  pages={1126--1177},
  year={2008},
  publisher={Elsevier}
}

@article{zipf1949human,
  title={Human behavior and the principle of least effort.},
  author={Zipf, George Kingsley},
  year={1949},
  publisher={addison-wesley press}
}

@article{aylett2004smooth,
  title={The smooth signal redundancy hypothesis: A functional explanation for relationships between redundancy, prosodic prominence, and duration in spontaneous speech},
  author={Aylett, Matthew and Turk, Alice},
  journal={Language and speech},
  volume={47},
  number={1},
  pages={31--56},
  year={2004},
  publisher={SAGE Publications Sage UK: London, England}
}

@article{smith2013effect,
  title={The effect of word predictability on reading time is logarithmic},
  author={Smith, Nathaniel J and Levy, Roger},
  journal={Cognition},
  volume={128},
  number={3},
  pages={302--319},
  year={2013},
  publisher={Elsevier}
}

@book{macwhinney2000childes,
  title={The CHILDES project: The database},
  author={MacWhinney, Brian},
  volume={2},
  year={2000},
  publisher={Psychology Press}
}

@article{evans2012individual,
  title={Individual differences in pronoun reversal: Evidence from two longitudinal case studies},
  author={Evans, Karen E and Demuth, Katherine},
  journal={Journal of child language},
  volume={39},
  number={1},
  pages={162--191},
  year={2012},
  publisher={Cambridge University Press}
}

@article{leech1992100,
  title={100 million words of English: the British National Corpus (BNC)},
  author={Leech, Geoffrey Neil},
  year={1992},
  publisher={서울대학교 언어교육원}
}

@article{wagner1985much,
  title={How much do children say in a day?},
  author={Wagner, Klaus R},
  journal={Journal of Child Language},
  volume={12},
  number={2},
  pages={475--487},
  year={1985},
  publisher={Cambridge University Press}
}

@article{de1996estudio,
  title={Un estudio de las expresiones de modalidad en hablantes de dos culturas},
  author={de Shiro, Marta Lein},
  journal={Bolet{\'\i}n de ling{\"u}{\'\i}stica},
  number={10},
  pages={43--60},
  year={1996},
  publisher={Universidad Central de Venezuela}
}

@article{yu2016distribution,
  title={The distribution of information content in English sentences},
  author={Yu, Shuiyuan and Cong, Jin and Liang, Junying and Liu, Haitao},
  journal={arXiv preprint arXiv:1609.07681},
  year={2016}
}

@article{frank2015erp,
  title={The ERP response to the amount of information conveyed by words in sentences},
  author={Frank, Stefan L and Otten, Leun J and Galli, Giulia and Vigliocco, Gabriella},
  journal={Brain and language},
  volume={140},
  pages={1--11},
  year={2015},
  publisher={Elsevier}
}

@phdthesis{palasis2009syntaxe,
  title={Syntaxe g{\'e}n{\'e}rative et acquisition: le sujet dans le d{\'e}veloppement du syst{\`e}me linguistique du jeune enfant},
  author={Palasis, Katerina},
  year={2009},
  school={Nice}
}

@mastersthesis{li2015dinner,
  author       = {Li, Hongmei and Zhou, Jing}, 
  title        = {Study on Dinner Table Talk of Preschool Children Family in Shanghai},
  school       = {East China Normal University},
  year         = 2015,
  address      = {Shanghai, China},
}

@article{shirai2001acquisition,
  title={The acquisition of causative morphology in Japanese: A prototype account},
  author={Shirai, Yasuhiro},
  journal={East Asian Language Acquisition},
  year={2001},
  publisher={Kuroshio}
}

@book{wals,
  address   = {Leipzig},
  editor    = {Matthew S. Dryer and Martin Haspelmath},
  publisher = {Max Planck Institute for Evolutionary Anthropology},
  title     = {WALS Online},
  url       = {https://wals.info/},
  year      = {2013}
}

@article{audigier2017mimca,
  title={MIMCA: multiple imputation for categorical variables with multiple correspondence analysis},
  author={Audigier, Vincent and Husson, Fran{\c{c}}ois and Josse, Julie},
  journal={Statistics and computing},
  volume={27},
  number={2},
  pages={501--518},
  year={2017},
  publisher={Springer}
}

@article{holman2008advances,
  title={Advances in automated language classification},
  author={Holman, Eric W and Wichmann, S{\o}ren and Brown, Cecil H and Velupillai, Viveka and M{\"u}ller, Andr{\'e} and Bakker, Dik and others},
  journal={Quantitative investigations in theoretical linguistics},
  pages={40--43},
  year={2008}
}

@article{swadesh1955towards,
  title={Towards greater accuracy in lexicostatistic dating},
  author={Swadesh, Morris},
  journal={International journal of American linguistics},
  volume={21},
  number={2},
  pages={121--137},
  year={1955},
  publisher={Indiana University}
}

@article{wichmann2016asjp,
  title={The ASJP database},
  author={Wichmann, S{\o}ren and M{\"u}ller, Andr{\'e} and Wett, Annkathrin and Velupillai, Viveka and Bischoffberger, Julia and Brown, Cecil H and Holman, Eric W and Sauppe, Sebastian and Molochieva, Zarina and Brown, Pamela and others},
  journal={Max Planck Institute for the Science of Human History, Jena},
  year={2016}
}

@article{team2013r,
  title={R: A language and environment for statistical computing},
  author={Team, R Core and others},
  year={2013},
  publisher={Vienna, Austria}
}

@article{bates2014fitting,
  title={Fitting linear mixed-effects models using lme4},
  author={Bates, Douglas and M{\"a}chler, Martin and Bolker, Ben and Walker, Steve},
  journal={arXiv preprint arXiv:1406.5823},
  year={2014}
}

@article{sanchez2019childes,
  title={childes-db: a flexible and reproducible interface to the Child Language Data Exchange System},
  author={Sanchez, Alessandro and Meylan, Stephan C and Braginsky, Mika and MacDonald, Kyle E and Yurovsky, Daniel and Frank, Michael C},
  journal={Behavior research methods},
  volume={51},
  number={4},
  pages={1928--1941},
  year={2019},
  publisher={Springer}
}